<collection xmlns="http://www.loc.gov/MARC21/slim">
<record>
  <leader>01695nam0a22003491i 450 </leader>
  <controlfield tag="001">IT\ICCU\CNCE\034876</controlfield>
  <controlfield tag="005">20080306000000.0</controlfield>
  <datafield tag="012" ind1=" " ind2=" ">
    <subfield code="a">pmne s:ta icp- tuju (3) 1506 (R)</subfield>
    <subfield code="2">fei</subfield>
  </datafield>
  <datafield tag="100" ind1=" " ind2=" ">
    <subfield code="a">19980108d1506        0itac0103    ba</subfield>
  </datafield>
  <datafield tag="101" ind1=" " ind2=" ">
    <subfield code="a">LAT</subfield>
  </datafield>
  <datafield tag="102" ind1=" " ind2=" ">
    <subfield code="a">IT</subfield>
  </datafield>
  <datafield tag="200" ind1="1" ind2=" ">
    <subfield code="a">Lectura ... super primo secundo &amp; tertio institutionum cum additioniobus ...  Iasonis de Mayno ... vna cum apostillis ... Nicolai Superantij ...</subfield>
  </datafield>
  <datafield tag="210" ind1=" " ind2=" ">
    <subfield code="e">Venetijs</subfield>
    <subfield code="g">a Philippo Pincio impressum</subfield>
    <subfield code="h">1506</subfield>
  </datafield>
  <datafield tag="215" ind1=" " ind2=" ">
    <subfield code="a">138 c.</subfield>
    <subfield code="d">fol</subfield>
  </datafield>
  <datafield tag="620" ind1=" " ind2=" ">
    <subfield code="a">IT</subfield>
    <subfield code="d">Venezia</subfield>
  </datafield>
  <datafield tag="700" ind1=" " ind2="1">
    <subfield code="a">Porzio,</subfield>
    <subfield code="b">Cristoforo</subfield>
    <subfield code="3">IT\ICCU\CNCA\007247</subfield>
  </datafield>
  <datafield tag="702" ind1=" " ind2="1">
    <subfield code="a">Soranzo,</subfield>
    <subfield code="b"></subfield>
    <subfield code="3">IT\ICCU\CNCA\000010</subfield>
  </datafield>
  <datafield tag="702" ind1=" " ind2="1">
    <subfield code="a">Del_Maino,</subfield>
    <subfield code="b">Giasone</subfield>
    <subfield code="3">IT\ICCU\CNCA\001207</subfield>
  </datafield>
  <datafield tag="712" ind1="0" ind2="0">
    <subfield code="a">Pinzi, Filippo</subfield>
    <subfield code="c"> &lt;1.&gt;</subfield>
    <subfield code="3">IT\ICCU\CNCT\001506</subfield>
    <subfield code="4">650</subfield>
  </datafield>
  <datafield tag="790" ind1=" " ind2="1">
    <subfield code="a">Porcius,</subfield>
    <subfield code="b">Cristophorus</subfield>
    <subfield code="3">IT\ICCU\CNCA\010676</subfield>
    <subfield code="z">Porzio, Cristoforo</subfield>
  </datafield>
  <datafield tag="790" ind1=" " ind2="1">
    <subfield code="a">Portius,</subfield>
    <subfield code="b">Christophorus Iohannes</subfield>
    <subfield code="3">IT\ICCU\CNCA\012690</subfield>
    <subfield code="z">Porzio, Cristoforo</subfield>
  </datafield>
  <datafield tag="790" ind1=" " ind2="1">
    <subfield code="a">Portius,</subfield>
    <subfield code="b">Joannes Christophorus</subfield>
    <subfield code="3">IT\ICCU\CNCA\023172</subfield>
    <subfield code="z">Porzio, Cristoforo</subfield>
  </datafield>
  <datafield tag="790" ind1=" " ind2="1">
    <subfield code="a">Superantius,</subfield>
    <subfield code="b">Nicolaus</subfield>
    <subfield code="3">IT\ICCU\CNCA\005072</subfield>
    <subfield code="z"></subfield>
  </datafield>
  <datafield tag="790" ind1=" " ind2="1">
    <subfield code="a">Dal_Maino,</subfield>
    <subfield code="b">Giasone</subfield>
    <subfield code="3">IT\ICCU\CNCA\010187</subfield>
    <subfield code="z">Del_Maino, Giasone</subfield>
  </datafield>
  <datafield tag="790" ind1=" " ind2="1">
    <subfield code="a">Maino,</subfield>
    <subfield code="b">Giasone : del</subfield>
    <subfield code="3">IT\ICCU\CNCA\014607</subfield>
    <subfield code="z">Del_Maino, Giasone</subfield>
  </datafield>
  <datafield tag="790" ind1=" " ind2="1">
    <subfield code="a">Maynus,</subfield>
    <subfield code="b">Giasone : del</subfield>
    <subfield code="3">IT\ICCU\CNCA\018337</subfield>
    <subfield code="z">Del_Maino, Giasone</subfield>
  </datafield>
  <datafield tag="790" ind1=" " ind2="1">
    <subfield code="a">Maino,</subfield>
    <subfield code="b">Jason</subfield>
    <subfield code="3">IT\ICCU\CNCA\018343</subfield>
    <subfield code="z">Del_Maino, Giasone</subfield>
  </datafield>
  <datafield tag="790" ind1=" " ind2="1">
    <subfield code="a">Mainus,</subfield>
    <subfield code="b">Iason</subfield>
    <subfield code="3">IT\ICCU\CNCA\022699</subfield>
    <subfield code="z">Del_Maino, Giasone</subfield>
  </datafield>
  <datafield tag="791" ind1="0" ind2="0">
    <subfield code="a">Pincius, Philippus</subfield>
    <subfield code="c"> &lt;1.&gt;</subfield>
    <subfield code="3">IT\ICCU\CNCT\004047</subfield>
    <subfield code="z">Pinzi, Filippo &lt;1.&gt;</subfield>
  </datafield>
  <datafield tag="801" ind1=" " ind2="3">
    <subfield code="a">IT</subfield>
    <subfield code="b">ICCU</subfield>
    <subfield code="c">20201114</subfield>
  </datafield>
  <datafield tag="899" ind1=" " ind2=" ">
    <subfield code="a">Biblioteca civica. Cuneo</subfield>
    <subfield code="1">CN0037</subfield>
    <subfield code="2">TO0 50</subfield>
  </datafield>
  <datafield tag="899" ind1=" " ind2=" ">
    <subfield code="a">Biblioteca comunale. Assisi</subfield>
    <subfield code="1">PG0001</subfield>
    <subfield code="2">UM1 10</subfield>
  </datafield>
</record>
</collection>
